% ....názov súboru je: literatura.bib
% zdroj na webe
@misc{NPC,
	author = "Dimas Adi Suyikno, Abas Setiawan",
	title = "Feasible NPC Hiding Behaviour using Goal Oriented Action Planning in case of Hide-and-Seek 3D Game Simulation",
	howpublished = "\url{https://ieeexplore.ieee.org/document/8985962/}",
}
@misc{Types,
	author = "Mengze Zhao",
	title = "Analysis on the Connection Between Nonplayer Character And Artificial Intelligence",
	howpublished = "\url{https://ieeexplore.ieee.org/document/9424859/}",
}